<record><leader>00000cas a22000007a 4500</leader><controlfield tag="001">17609470</controlfield><controlfield tag="008">880310c19829999txuwr ne      0   a0kor c</controlfield><datafield ind1=" " ind2=" " tag="010"><subfield code="a">sn 88083118 </subfield></datafield><datafield ind1=" " ind2=" " tag="040"><subfield code="a">PPM</subfield><subfield code="b">eng</subfield><subfield code="c">PPM</subfield><subfield code="d">NSD</subfield><subfield code="d">OCLCQ</subfield></datafield><datafield ind1=" " ind2=" " tag="012"><subfield code="k">1</subfield><subfield code="m">1</subfield></datafield><datafield ind1="0" ind2=" " tag="022"><subfield code="a">1040-8029</subfield><subfield code="l">1040-8029</subfield><subfield code="2">1</subfield></datafield><datafield ind1=" " ind2=" " tag="032"><subfield code="a">002826</subfield><subfield code="b">USPS</subfield></datafield><datafield ind1=" " ind2=" " tag="037"><subfield code="b">Korea Journal-Dallas, Inc., 2828 Forest Ln., #1137, Dallas, TX 75234</subfield></datafield><datafield ind1="0" ind2=" " tag="041"><subfield code="a">koreng</subfield></datafield><datafield ind1=" " ind2=" " tag="042"><subfield code="a">pcc</subfield><subfield code="a">nsdp</subfield></datafield><datafield ind1="0" ind2=" " tag="130"><subfield code="a">Korean journal (Dallas ed.)</subfield></datafield><datafield ind1="0" ind2=" " tag="210"><subfield code="a">Korean j.</subfield><subfield code="b">(Dallas ed.)</subfield></datafield><datafield ind1=" " ind2="4" tag="222"><subfield code="a">The Korean journal</subfield><subfield code="b">(Dallas ed.)</subfield></datafield><datafield ind1="1" ind2="4" tag="245"><subfield code="a">The Korean journal.</subfield></datafield><datafield ind1="1" ind2="3" tag="246"><subfield code="a">K&#697;orian cho&#774;no&#774;l</subfield></datafield><datafield ind1=" " ind2=" " tag="250"><subfield code="a">Dallas ed.</subfield></datafield><datafield ind1=" " ind2=" " tag="260"><subfield code="a">Dallas, Tex. :</subfield><subfield code="b">Sei H. Kim</subfield></datafield><datafield ind1=" " ind2=" " tag="310"><subfield code="a">Weekly</subfield></datafield><datafield ind1="1" ind2=" " tag="362"><subfield code="a">Began in 1982?</subfield></datafield><datafield ind1=" " ind2=" " tag="500"><subfield code="a">Issues for May 23, 1988- have Korean title: K&#697;orian cho&#774;no&#774;l.</subfield></datafield><datafield ind1=" " ind2=" " tag="546"><subfield code="a">Text in Korean; includes some text in English.</subfield></datafield><datafield ind1=" " ind2=" " tag="588"><subfield code="a">Description based on: Vol. 5, no. 45 (Nov. 16, 1987).</subfield></datafield><datafield ind1=" " ind2=" " tag="588"><subfield code="a">Latest issue consulted: Vol. 9, no. 45 (Nov. 11, 1991).</subfield></datafield><datafield ind1=" " ind2=" " tag="752"><subfield code="a">United States</subfield><subfield code="b">Texas</subfield><subfield code="c">Dallas</subfield><subfield code="d">Dallas.</subfield></datafield><datafield ind1="0" ind2=" " tag="775"><subfield code="t">Korean journal (Seatac ed.)</subfield></datafield><datafield ind1="0" ind2=" " tag="775"><subfield code="t">Korean journal (Atlanta ed.)</subfield></datafield><datafield ind1="0" ind2=" " tag="775"><subfield code="t">Korean journal (Chicago ed.)</subfield></datafield><datafield ind1="0" ind2=" " tag="775"><subfield code="t">Korean journal (Houston ed.)</subfield></datafield></record>